@misc{GitHub:Rodot:InfEncoder,
	author = {Aur√©lien Rodot},
	title = {{InfEncoder}},
	year = {2014},
	howpublished = "\url{https://github.com/Rodot/InfEncoder}"
},

@misc{Gamebuino:Wiki:Reference,
	author = {{Gamebuino Wiki}},
	title = {Reference},
	howpublished = "\url{http://gamebuino.com/wiki/index.php?title=Reference}"
}